@book{boyd1994linear,
  title={Linear matrix inequalities in system and control theory},
  author={Boyd, Stephen and El Ghaoui, Laurent and Feron, Eric and Balakrishnan, Venkataramanan},
  volume={15},
  year={1994},
  publisher={Siam}
}

@inproceedings{zheng2017fast,
  title={Fast ADMM for semidefinite programs with chordal sparsity},
  author={Zheng, Yang and Fantuzzi, Giovanni and Papachristodoulou, Antonis and Goulart, Paul and Wynn, Andrew},
  booktitle={American Control Conference (ACC), 2017},
  pages={3335--3340},
  year={2017},
  organization={IEEE}
}

@article{vandenberghe2015chordal,
  title={Chordal graphs and semidefinite optimization},
  author={Vandenberghe, Lieven and Andersen, Martin S and others},
  journal={Foundations and Trends{\textregistered} in Optimization},
  volume={1},
  number={4},
  pages={241--433},
  year={2015},
  publisher={Now Publishers, Inc.}
}

@article{boyd2011distributed,
  title={Distributed optimization and statistical learning via the alternating direction method of multipliers},
  author={Boyd, Stephen and Parikh, Neal and Chu, Eric and Peleato, Borja and Eckstein, Jonathan and others},
  journal={Foundations and Trends{\textregistered} in Machine learning},
  volume={3},
  number={1},
  pages={1--122},
  year={2011},
  publisher={Now Publishers, Inc.}
}

@book{Canuto2006,
author = {Canuto, C. and Hussaini, M. Y. and Quarteroni, A. and Zang, T. A.},
booktitle = {New York},
doi = {10.1007/978-3-540-30726-6},
eprint = {arXiv:1011.1669v3},
isbn = {9783540307259},
issn = {3-540-30725-7},
pages = {563},
pmid = {20033950},
title = {{Spectral Methods Fundamentals in Single Domains}},
year = {2006}
}
